@Book{Koerner2004,
  author    = {KÃ¶rner, T. W.},
  publisher = {American Mathematical Society},
  title     = {A companion to analysis},
  year      = {2004},
  address   = {Providence, Rhode Island},
  isbn      = {9781470421052},
  note      = {Includes bibliographical references (p. 583-584) and index. - Electronic reproduction; Providence, Rhode Island; American Mathematical Society; 2012. - Description based on print version record},
  number    = {volume 62},
  series    = {Graduate Studies in Mathematics},
  pagetotal = {1590},
  ppn_gvk   = {1654933139},
  subtitle  = {A second first and first second course in analysis},
}
